<?xml version="1.0" encoding="UTF-8"?><collection xmlns="http://www.loc.gov/MARC21/slim"><record><leader>00611nam--2200181-i-4500</leader><controlfield tag="001">000011345</controlfield><controlfield tag="002">20161230</controlfield><controlfield tag="005">20170108235806</controlfield><controlfield tag="008">060222s1000------------r-----000-0-fre-d</controlfield><datafield ind1=" " ind2=" " tag="040"><subfield code="a">IFIN-HH</subfield></datafield><datafield ind1=" " ind2=" " tag="041"><subfield code="a">fre</subfield></datafield><datafield ind1=" " ind2=" " tag="080"><subfield code="a">537.87(043):621.318.1(043)</subfield></datafield><datafield ind1="1" ind2=" " tag="100"><subfield code="a">Bouthinon, Michel</subfield></datafield><datafield ind1="1" ind2="0" tag="245"><subfield code="a">Modes d`ondes de spin dans les conducteurs fer romagnetiques. application a l`etude de la propagation des ondes electromagnetique dans de nikel</subfield><subfield code="b">These</subfield><subfield code="c">Michel bouthinon</subfield></datafield><datafield ind1=" " ind2=" " tag="260"><subfield code="a">Grenoble</subfield><subfield code="b">Universite Scientifique Et Medicale</subfield><subfield code="c">?</subfield></datafield><datafield ind1=" " ind2=" " tag="300"><subfield code="a">120 p</subfield></datafield><datafield ind1=" " ind2=" " tag="852"><subfield code="a">42108</subfield><subfield code="c">538.221</subfield></datafield><datafield ind1=" " ind2=" " tag="CAT"><subfield code="a">SYS</subfield><subfield code="c">20170108</subfield><subfield code="h">235806</subfield></datafield></record></collection>